@article{8890660,
  author={Akbulut, Akhan and Perros, Harry G.},
  journal={IEEE Internet Computing}, 
  title={Performance Analysis of Microservice Design Patterns}, 
  year={2019},
  volume={23},
  number={6},
  pages={19-27},
  keywords={Time factors;Logic gates;Computer architecture;Random access memory;Measurement;Internet;Message systems;Microservices;Design Patterns;Microservices Architecture;Performance Analysis;Software Architecture},
  doi={10.1109/MIC.2019.2951094}}

  @online{g1_acesso_pleno_internet_2022,
  author       = {G1},
  title        = {Menos de um terço da população brasileira tem acesso pleno à internet, mostra pesquisa},
  year         = {2022},
  month        = mar,
  day          = 18,
  url          = {https://g1.globo.com/jornal-nacional/noticia/2022/03/18/menos-de-um-terco-da-populacao-brasileira-tem-acesso-pleno-a-internet-mostra-pesquisa.ghtml},
  note         = {Acesso em: 20 out. 2025}
}

% author       = {Barros, Camila},
@online{veja_pais_se_digitaliza_2024,
  author       = {Veja},
  title        = {O país se digitaliza: o avanço e os desafios do setor de tecnologia no Brasil},
  year         = {2024},
  month        = sep,
  day          = 14,
  url          = {https://veja.abril.com.br/economia/o-pais-se-digitaliza-o-avanco-e-os-desafios-do-setor-de-tecnologia-no-brasil/},
  note         = {Acesso em: 20 out. 2025}
}
